@misc{DQN,
  author    = {Volodymyr Mnih and Koray Kavukcuoglu and David Silver and Alex Graves and Ioannis Antonoglou and 
Daan Wierstra and Martin Riedmiller},
  title     = {Playing Atari with Deep Reinforcement Learning},
  year      = {2013}
}

@misc{BSE,
 author = {Dave Cliff},
 title = {Bristol Stock Exchange},
 url = {https://github.com/davecliff/BristolStockExchange},
 note = {Available at \url{https://github.com/davecliff/BristolStockExchange}. Accessed May 2020}
}

@misc{BSG,
author = {Alvaro Furlan-Falcao},
title = {Bristol Stock Gym},
url = {https://github.com/ElectronAlchemist/Bristol-Stock-Gym/},
note = {Available at \url{https://github.com/ElectronAlchemist/Bristol-Stock-Gym/}. Accessed July 2020}
}

@misc{BC4,
author = {Caroline Gardiner},
title = {Blue Crystal Phase 4},
note = {Bristol Advanced Computing Research. Accessed August 2020}

}

@misc{limit-order,
author = {Michael J. Kramer},
title = {Limit Order},
note = {Limit Order Investopedia Definition. Accessed August 2020},
publisher = {Investopedia},
}

@misc{ZIP,
author = {Dave Cliff and Janet Bruten},
title = {Minimal-Intelligence Agents for Bargaining Behaviors in Market-Based Environments},
year = {1997}
}

@misc{MGD,
author = {Steven Gjerstad and John Dickhaut},
title = {Price Formation in Double Auctions},
url = {https://www.sciencedirect.com/science/article/abs/pii/S0899825697905765?via\%3Dihub},
year = {1998}

}

@misc{Competitive-Equilibrium,
author = {Daniel Liberto},
title = {Competitive Equilibrium},
note = {Competitive Equilibrium Investopedia Definition. Accessed August 2020},
publisher = {Investopedia},
}

@misc{vernon-smith,
author = {Vernon L. Smith},
title = {An Experimental Study of Competitive Market Behavior},
url = {https://www.journals.uchicago.edu/doi/10.1086/258660}

}
@misc{Gode-Sunder,
author = {Shyam Sunder and Dan Gode},
title = {Allocative Efficiency of Markets with Zero-Intelligence Traders: Market as a Partial Substitute for Individual Rationality},
year = {1993},
url = {https://www.researchgate.net/publication/24103759_Allocative_Efficiency_of_Markets_with_Zero-Intelligence_Traders_Market_as_a_Partial_Substitute_for_Individual_Rationality}
}

@misc{cliff-critique,
author = {Dave Cliff},
title = {More Than Zero Intelligence Needed for Continuous Double-Auction Trading},
url = {https://www.researchgate.net/publication/246869711_More_Than_Zero_Intelligence_Needed_for_Continuous_Double-Auction_Trading}

}
@misc{IBM-experiments,
author = {Rajarshi Das and
James E Hanson and
Jeffrey O Kephart and
Gerald J Tesauro
},
title = {Agent-human interactions in the continuous double auction},
url = {https://dl.acm.org/doi/10.5555/1642194.1642251},
year = {2001}
}

@misc{AA,
author = {Perukrishnen Vytelingum},
title = {The Structure and Behaviour of
the Continuous Double Auction},
url = {https://eprints.soton.ac.uk/263234/1/THESIS.pdf},
year = {2006}
}

@misc{Fintech-lecture,
author =  {Dave Cliff},
title = {Economic Agents and Market-Based Systems II},
year = {2019}
}

@misc{Deep-Learning-Revolution,
author = {Terry Sejnowski},
title = {The Deep Learning Revolution},
year = {2018}
}

@msic{Sutton,
author = {Gregory Piatetsky},
title= {Exclusive: Interview with Rich Sutton, the Father of Reinforcement Learning},
url = {https://web.archive.org/web/20180111052706/https://www.kdnuggets.com/2017/12/interview-rich-sutton-reinforcement-learning.html}
}

@misc{deep-learning-robots,
author={Sergey Levine and Chelsea Finn and Trevor Darrell and Pieter Abbeel},
title = {End-to-End Training of Deep Visuomotor Policies},
url = {https://arxiv.org/abs/1504.00702},
year = {2015}
}

@misc{mx-banks-profit-breakdown,
author = {Money Summit},
title ={How the Four Biggest US Banks Generate Income and Revenue},
url = { https://www.mx.com/moneysummit/top-us-retail-banks-income-revenue},
year = {2020}
}

@misc{quora-trading-hard,
author = {Gavin Koh},
title = {Why is trading so hard?},
publisher = {Quora},
year = {2017}
}

@misc{computers-trade-more,
author = {Katharina Buchholz},
title = {Computers Manage More Stock Than Humans Do},
publisher = {Statista},
year = {2019}
}

@misc{deepmind-alpha-go-zero,
author = {David Silver and Demis Hassabis},
title = {AlphaGo Zero: Starting from scratch},
publisher = {DeepMind},
year = {2017}

}

@misc{falcao,
author = {Alvaro Furlan-Falcao},
title  = {Using Reinforcement Learning to Train Adaptive Traders in a Limit-Order-Book Financial Market},
year = {2019},
publisher = {University of Bristol}
}

@misc{MDP-demystified,
author = {Mohammed Ashraf},
title = {Reinforcement Learning Demystified: Markov Decision Processes (Part 1)},
year = {2018},
url = {https://towardsdatascience.com/reinforcement-learning-demystified-markov-decision-processes-part-1-bf00dda41690}
}

@misc{rearrange-value-function,
author = {Jeremy Jordan},
title = {Planning in a stochastic environment},
year = {2017},
url = {https://www.jeremyjordan.me/markov-decision-process/}
}
@misc{david-silver-teaching,
author = {David Silver},
title = {David Silver UCL Course on RL},
year = {2015},
url = {https://www.davidsilver.uk/teaching/}
}

@misc{what-is-RL,
author = {Błażej Osiński and Konrad Budek},
title = {What is reinforcement learning? The complete guide},
year = {2018},
publisher = {DeepSense}
}

@misc{dynamic-programming,
author = {Avinash K. Dixit},
title = {Optimization in Economic Theory: Second Edtion},
year = {1990},
note = {Pages 163-166. Accessed August 2020},
url = {https://books.google.co.uk/books?id=dHrsHz0VocUC&pg=PA164&redir_esc=y#v=onepage&q&f=false}
}

@misc{optimal-control-theory-bellman,
author = {Donald E. Kirk},
title = {Optimal Control Theory: An Introduction},
note = {Pages 55-61. Accessed August 2020},
url = {https://books.google.co.uk/books?id=fCh2SAtWIdwC&pg=PA55&redir_esc=y#v=onepage&q&f=false}
}

@misc{MDP-theorem,
author = {David Silver},
title = {Markov Decision Process},
note = {A lecture series by David Silver at UCL. Accessed August 2020},
url = {https://www.davidsilver.uk/wp-content/uploads/2020/03/MDP.pdf},
year = {2020}
}
@misc{TD-methods,
author = { Shubha Manikarnike},
title = {TEMPORAL DIFFERENCE METHODS IN RL},
year = {2020},
url = {https://www.cellstrat.com/2020/04/27/temporal-difference-methods/},
note = {A research blog discussing TD methods. Accessed August 2020}
}

@misc{VA-fig,
author = {David Silver},
title = {Value Function Approximation},
note = {A lecture series by David Silver at UCL. Accessed August 2020},
url = {https://www.davidsilver.uk/wp-content/uploads/2020/03/FA.pdf}

}

@misc{score-function,
author = {Marko Cotra},
title = {Deep Learning Basics:The Score Function and Cross Entropy},
url = {https://aboveintelligent.com/deep-learning-basics-the-score-function-cross-entropy-d6cc20c9f972},
year = {2017},
note = {A research blog. Accessed August 2020}
}

@misc{DDPG,
author = {Timothy P. Lillicrap and Jonathan J. Hunt and Alexander Pritzel and  Nicolas Heess and Tom Erez and Yuval Tassa, David Silver and Daan Wierstra},
title = {Continuous control with deep reinforcement learning},
note = {Research paper. Accessed August 2020}
}

@misc{DDPG-vs-DQN,
author = {Jon Michaux},
url = {https://jmichaux.github.io/week4b/},
title = {Off-Policy Actor-Critic Algorithms},
note = {A github post. Available at https://jmichaux.github.io/week4b/. Accessed August 2020}}
}

@misc{Silver-theorem,
author = {David Silver and Guy Lever and Nicolas Heess and Thomas Degris and Daan Wierstra and Martin Riedmiller},
title = {Deterministic Policy Gradient Algorithms},
url={http://proceedings.mlr.press/v32/silver14.pdf},
note={A paper produced in association with DeepMind. Accessed August 2020}
}

@misc{DeepLOB,
author = {Justin A. Sirignano},
title = {Deep Learning for limit order books},
note = {A paper produced in the University of Illinois at Urbana-Champaign. Accessed at 2020},
year = {2018}
}

@misc{cobra-effect,
author = {Bonsai},
title = {Deep Reinforcement Learning Models: Tips \& Tricks for Writing Reward Functions},
url = {https://medium.com/@BonsaiAI/deep-reinforcement-learning-models-tips-tricks-for-writing-reward-functions-a84fe525e8e0},
year = {2017},
note = {A Medium research blog. Accessed August 2020}
}

@misc{sample-inefficient,
author = {Stable-baselines},
title = {Reinforcement Learning Tips and Tricks},
url = {https://stable-baselines.readthedocs.io/en/master/guide/rl_tips.html},
note = {Documentation for stable-baselines. Accessed August 2020}
}

@misc{sample-solution,
author = {Branko Blagojevic},
title = {Reinforcement learning with sparse rewards},
url = {https://medium.com/ml-everything/reinforcement-learning-with-sparse-rewards-8f15b71d18bf#:~:text=Reinforcement\%20learning\%20shouldn't\%20be,the\%20states\%20and\%20the\%20rewards},
year = {2017},
note = {A Medium research blog. Accessed August 2020}
}
